%YAML 1.1
%TAG !u! tag:unity3d.com,2011:
--- !u!1 &112436
GameObject:
  m_ObjectHideFlags: 0
  m_PrefabParentObject: {fileID: 0}
  m_PrefabInternal: {fileID: 100100000}
  serializedVersion: 4
  m_Component:
  - 4: {fileID: 429954}
  - 114: {fileID: 11492540}
  - 82: {fileID: 8294198}
  m_Layer: 0
  m_Name: GameManager
  m_TagString: Untagged
  m_Icon: {fileID: 0}
  m_NavMeshLayer: 0
  m_StaticEditorFlags: 0
  m_IsActive: 1
--- !u!4 &429954
Transform:
  m_ObjectHideFlags: 1
  m_PrefabParentObject: {fileID: 0}
  m_PrefabInternal: {fileID: 100100000}
  m_GameObject: {fileID: 112436}
  m_LocalRotation: {x: 0, y: 0, z: 0, w: 1}
  m_LocalPosition: {x: 0, y: 0, z: 0}
  m_LocalScale: {x: 1, y: 1, z: 1}
  m_LocalEulerAnglesHint: {x: 0, y: 0, z: 0}
  m_Children: []
  m_Father: {fileID: 0}
  m_RootOrder: 0
--- !u!82 &8294198
AudioSource:
  m_ObjectHideFlags: 1
  m_PrefabParentObject: {fileID: 0}
  m_PrefabInternal: {fileID: 100100000}
  m_GameObject: {fileID: 112436}
  m_Enabled: 1
  serializedVersion: 4
  OutputAudioMixerGroup: {fileID: 0}
  m_audioClip: {fileID: 0}
  m_PlayOnAwake: 1
  m_Volume: 1
  m_Pitch: 1
  Loop: 0
  Mute: 0
  Spatialize: 0
  Priority: 128
  DopplerLevel: 1
  MinDistance: 1
  MaxDistance: 500
  Pan2D: 0
  rolloffMode: 0
  BypassEffects: 0
  BypassListenerEffects: 0
  BypassReverbZones: 0
  rolloffCustomCurve:
    serializedVersion: 2
    m_Curve:
    - time: 0
      value: 1
      inSlope: 0
      outSlope: 0
      tangentMode: 0
    - time: 1
      value: 0
      inSlope: 0
      outSlope: 0
      tangentMode: 0
    m_PreInfinity: 2
    m_PostInfinity: 2
    m_RotationOrder: 4
  panLevelCustomCurve:
    serializedVersion: 2
    m_Curve:
    - time: 0
      value: 0
      inSlope: 0
      outSlope: 0
      tangentMode: 0
    m_PreInfinity: 2
    m_PostInfinity: 2
    m_RotationOrder: 0
  spreadCustomCurve:
    serializedVersion: 2
    m_Curve:
    - time: 0
      value: 0
      inSlope: 0
      outSlope: 0
      tangentMode: 0
    m_PreInfinity: 2
    m_PostInfinity: 2
    m_RotationOrder: 0
  reverbZoneMixCustomCurve:
    serializedVersion: 2
    m_Curve:
    - time: 0
      value: 1
      inSlope: 0
      outSlope: 0
      tangentMode: 0
    m_PreInfinity: 2
    m_PostInfinity: 2
    m_RotationOrder: 0
--- !u!114 &11492540
MonoBehaviour:
  m_ObjectHideFlags: 1
  m_PrefabParentObject: {fileID: 0}
  m_PrefabInternal: {fileID: 100100000}
  m_GameObject: {fileID: 112436}
  m_Enabled: 1
  m_EditorHideFlags: 0
  m_Script: {fileID: 11500000, guid: 595c40ac5124e4a34a87af8c3f226209, type: 3}
  m_Name: 
  m_EditorClassIdentifier: 
  numberOfPlayToShowInterstitial: 5
  VerySimpleAdsURL: http://u3d.as/oWD
  red: {r: 1, g: 0.40784317, b: 0.43529415, a: 1}
  blue: {r: 0.22352943, g: 0.65882355, b: 0.9843138, a: 1}
  green: {r: 0, g: 0.87843144, b: 0.6666667, a: 1}
  yellow: {r: 0.9960785, g: 0.86274517, b: 0.2392157, a: 1}
  speedMinInSeconds: 0.5
  speedMaxInSeconds: 1.5
  colors: 00000000010000000200000003000000
  inGameScore: {fileID: 0}
  lastScore: {fileID: 0}
  bestScore: {fileID: 0}
  title: {fileID: 0}
  instruction: {fileID: 0}
  dotPrefab: {fileID: 403978, guid: a80d6810ebdef4a1eaa558b16e6f87ce, type: 2}
  pocs:
  - {fileID: 8300000, guid: 088f3eda0c89f4bb0b6e2c54c744179e, type: 3}
  - {fileID: 8300000, guid: 879b7ef1ccdee431fbbcbcab478e51e6, type: 3}
  - {fileID: 8300000, guid: dadaa54592e424c99a42a43c4bc81623, type: 3}
  - {fileID: 8300000, guid: 4a490e7b1097e4dd0b18304f94c46288, type: 3}
  - {fileID: 8300000, guid: 4be07a4b946b149b2ad1bb7cd049cca6, type: 3}
  - {fileID: 8300000, guid: c98e7f84c10924a319188d0ed0a0da64, type: 3}
  - {fileID: 8300000, guid: a3012000325ed4cf39b7370a57ee935a, type: 3}
  - {fileID: 8300000, guid: 8dd0455535af943b6a5508b1cc1de36a, type: 3}
  - {fileID: 8300000, guid: dc8f3f602660d469aa390dc3e7a22738, type: 3}
  - {fileID: 8300000, guid: e67fe6018e7ce4e488a4391768da9347, type: 3}
  - {fileID: 8300000, guid: fba848f43e4ba48408e56d6a80a4f157, type: 3}
  lose: {fileID: 8300000, guid: 0f2ef166bf1504f33963c6a40d47556b, type: 3}
  canvasGroups:
  - {fileID: 0}
--- !u!1001 &100100000
Prefab:
  m_ObjectHideFlags: 1
  serializedVersion: 2
  m_Modification:
    m_TransformParent: {fileID: 0}
    m_Modifications: []
    m_RemovedComponents: []
  m_ParentPrefab: {fileID: 0}
  m_RootGameObject: {fileID: 112436}
  m_IsPrefabParent: 1
